%@online{biblatex,
%  author = {Philipp Lehman},
%  title = {The biblatex Package},
%  year = 2016,
%  url = {http://linorg.usp.br/CTAN/macros/latex/contrib/biblatex/doc/biblatex.pdf},
%  urldate = {2017-04-23}
%}
%%the reference above is an example%%


@techreport{midterm,
    author      = {de Jong et al},
    title       = {Midterm Report},
    institution = {TU Delft},
    month       = 5,
    year        = {2017}
}

